@book{mcgrayne1993nobel,
  title={Nobel Prize women in science: Their lives, struggles, and momentous discoveries},
  author={McGrayne, Sharon Bertsch},
  year={1993},
  publisher={Birch Lane Press}
}

@article{ozatecsler1998nobel,
  title={Nobel Ekonomi {\"O}d{\"u}l{\"u} Alan Ekonomistler ve Azgeli{\c{s}}mi{\c{s}} {\"U}lkeler},
  author={{\"O}zate{\c{s}}ler, Mustafa and G{\"O}KALP, Faysal and BA{\c{S}}ER, Sadik},
  journal={Dokuz Eyl{\"u}l {\"U}niversitesi {\.I}ktisadi {\.I}dari Bilimler Fak{\"u}ltesi Dergisi},
  volume={13},
  number={1},
  pages={145--162},
  year={1998}
}

@article{stephan1993age,
  title={Age and the Nobel Prize revisited},
  author={Stephan, Paula and Levin, Sharon},
  journal={Scientometrics},
  volume={28},
  number={3},
  pages={387--399},
  year={1993},
  publisher={Akad{\'e}miai Kiad{\'o}, co-published with Springer Science+ Business Media BV~…}
}


@article{cao2004chinese,
  title={Chinese science and the ‘Nobel Prize complex’},
  author={Cao, Cong},
  journal={Minerva},
  volume={42},
  number={2},
  pages={151--172},
  year={2004},
  publisher={Springer}
}

@article{schlagberger2016institutions,
  title={At what institutions did Nobel laureates do their prize-winning work? An analysis of biographical information on Nobel laureates from 1994 to 2014},
  author={Schlagberger, Elisabeth Maria and Bornmann, Lutz and Bauer, Johann},
  journal={Scientometrics},
  volume={109},
  number={2},
  pages={723--767},
  year={2016},
  publisher={Springer}
}

@article{chan2018relation,
  title={Relation of early career performance and recognition to the probability of winning the Nobel Prize in economics},
  author={Chan, Ho F and Mixon, Franklin G and Torgler, Benno},
  journal={Scientometrics},
  volume={114},
  number={3},
  pages={1069--1086},
  year={2018},
  publisher={Springer}
}
